%Este trabalho está licenciado sob a Licença Creative Commons Atribuição-CompartilhaIgual 4.0 Internacional. Para ver uma cópia desta licença, visite https://creativecommons.org/licenses/by-sa/4.0/ ou envie uma carta para Creative Commons, PO Box 1866, Mountain View, CA 94042, USA.

%Bibtex format

@book{adami2015pre,
	author = {Adami, Adriana Miorelli and {Dornelles Filho}, Adalberto Ayjara and Lorandi, Magda Mantovani},
	isbn = {9788582603215},
	publisher = {Bookman Editora},
	title = {Pr{\'e}-C{\'a}lculo},
	year = {2015}
}

@book{bonetto2016fundamentos,
	author = {Bonetto, Gi{\'a}como Augusto and Murolo, Anfr{\^a}nio Carlos},
	location = {S{\~a}o Paulo},
	publisher = {Cengarge Learning},
	title = {Fundamentos de Matem{\'a}tica para Engenharia e Tecnologias},
	year = {2016}
}

@book{collingwood2011precalculus,
	author = {Collingwood, David H. and Prince, K. David and Conroy, Matthew M.},
	note = {Acesso em: 2019-07-11},
	title = {Precalculus},
	url = {https://sites.math.washington.edu/~colling/HSMath120/TB201112.pdf},
	year = {2011}
}

@book{dante2008matematica,
	author = {Dante, Luiz Roberto},
	location = {S{\~a}o Paulo},
	publisher = {{\'A}tica},
	title = {Matem{\'a}tica: Ensino m{\'e}dio},
	year = {2008}
}

@book{domingues2017fundamentos,
	address = {Florian{\'o}polis},
	author = {Domingues, Hygino Hugueros},
	edition = {2},
	publisher = {Editora da UFSC},
	title = {Fundamentos da Aritm{\'e}tica},
	year = {2017}
}

@book{gomes2018pre,
	author = {Gomes, Franscisco Magalh{\~a}es},
	location = {S{\~a}o Paulo},
	publisher = {Cengage Learning},
	title = {Pr{\'e}-c{\'a}lculo: Opera{\c c}{\~o}es, Equa{\c c}{\~o}es, Fun{\c c}{\~o}es e Sequ{\^e}ncias},
	year = {2018}
}

@book{guidorizzi2013um,
	author = {Guidorizzi, Hamilton Luiz},
	edition = {5},
	location = {Rio de Janeiro},
	publisher = {LTC},
	title = {Um Curso de C{\'a}lculo},
	volume = {1},
	year = {2013}
}

@book{iezzi2013fundamentos1,
	author = {Iezzi, Gelson and Murakami, Carlos},
	edition = {9},
	isbn = {9788535716801},
	location = {S{\~a}o Paulo},
	publisher = {Atual},
	title = {Fundamentos da Matem{\'a}tica Elementar: Conjuntos, Fun{\c c}{\~o}es},
	volume = {1},
	year = {2013}
}

@book{iezzi1985fundamentos2,
	author = {Iezzi, Gelson and Dolce, Osvaldo and Murakami, Carlos},
	edition = {10},
	isbn = {9788535716825},
	location = {S{\~a}o Paulo},
	publisher = {Atual},
	title = {Fundamentos da Matem{\'a}tica Elementar: Logaritmos},
	volume = {2},
	year = {2013}
}

@book{iezzi1985fundamentos3,
	author = {Iezzi, Gelson},
	edition = {9},
	isbn = {9788535716849},
	location = {S{\~a}o Paulo},
	publisher = {Atual},
	title = {Fundamentos da Matem{\'a}tica Elementar: Trigonometria},
	volume = {3},
	year = {2013}
}

@book{iezzi1985fundamentos6,
	author = {Iezzi, Gelson},
	edition = {8},
	isbn = {9788535717525},
	location = {S{\~a}o Paulo},
	publisher = {Atual},
	title = {Fundamentos da Matem{\'a}tica Elementar: Complexos, Polin{\^o}mios, Equa{\c c}{\~o}es},
	volume = {6},
	year = {2013}
}

@book{kuhlkamp2015calculo,
	author = {Kuhlkamp, Nilo},
	edition = {5},
	location = {Florian{\'o}polis},
	publisher = {Editora da UFSC},
	title = {C{\'a}lculo 1},
	year = {2015}
}

@book{lang1972estruturas,
	author = {Lang, Serge},
	location = {Rio de Janeiro},
	publisher = {Ao Livro T{\'e}cnico},
	title = {Estruturas Alg{\'e}bricas},
	year = {1972}
}

@book{larson2016precalculus.,
	author = {Larson, Ron},
	publisher = {Cengage Learning},
	title = {Precalculus},
	year = {2016}
}

@book{lial2017precalculus,
	author = {Lial, Margaret L. and Hornsby, John and Schneider, David I. and Daniels, Callie},
	edition = {6},
	location = {Boston},
	publisher = {Pearson},
	title = {Precalculus},
	year = {2017}
}

@book{soares2009calculo,
	author = {Soares, Marcio G.},
	edition = {5},
	location = {Rio de Janeiro},
	publisher = {IMPA},
	title = {C{\'a}lculo em uma Vari{\'a}vel Complexa},
	year = {2009}
}

@book{spiegel2015algebra,
	author = {Spiegel, Murray R. and Moyer, Robert E.},
	edition = {3},
	location = {Porto Alegre},
	publisher = {Bookman},
	title = {{\'A}lgebra},
	year = {2015}
}

@book{stewart2014precalculus,
	author = {Stewart, James and Redlin, Lothar and Watson, Saleem},
	edition = {7},
	publisher = {Cengage Learning},
	title = {Precalculus: Mathematics for Calculus},
	year = {2014}
}

@book{sullivan2019precalculus,
	author = {Sullivan, Michael},
	edition = {10},
	isbn = {9781292121772},
	publisher = {Pearson},
	title = {Precalculus},
	year = {2018}
}

@misc{mundoeducacao,
	author = {Luiz, Robson},
	howpublished = {\url{https://web.archive.org/web/20200516142551/https://mundoeducacao.uol.com.br/matematica/regras-divisibilidade.htm}},
	note = {Acesso em: 2020-05-16},
	title = {Regras de Divisibilidade}
}

book{martins2012logica,
	author = {Martins, M{\'a}rcia da Silva},
	location = {Rio de Janeiro},
	publisher = {Ci{\^e}ncia Moderna},
	title = {L{\'o}gica: Uma Abordagem Introdut{\'o}ria},
	year = {2012}
}
book{souza2008logica,
	author = {de Souza, Jo{\~a}o Nunes},
	publisher = {Elsevier},
	location = {Rio de Janeiro},
	edition = {2},
	title = {L{\'o}gica para Ci{\^e}ncia da Computa{\c c}{\~a}o: uma Introdu{\c c}{\~a}o Concisa},
	year = {2008}
}
book{filho2002iniciacao,
	author = {Alencar, Filho, Edgard},
	location = {S{\~a}o Paulo},
	publisher = {Nobel},
	title = {Inicia{\c c}{\~a}o {\`a} L{\'o}gica Matem{\'a}tica},
	year = {2002}
}


@book{dutra2010matematica,
	author = {Dutra, Maurici Jos{\'e}},
	edition = {8},
	location = {Palho{\c c}a},
	publisher = {Unisul Virtual},
	title = {Matem{\'a}tica Financeira: Livro Did{\'a}tico},
	year = {2010}
}

